<record><leader>00000cas a2200000 a 4500</leader><controlfield tag="001">13818130</controlfield><controlfield tag="008">860703c19609999ilumr ne      0   b0eng c</controlfield><datafield ind1=" " ind2=" " tag="010"><subfield code="a">sn 91055829 </subfield></datafield><datafield ind1=" " ind2=" " tag="040"><subfield code="a">IAW</subfield><subfield code="b">eng</subfield><subfield code="c">IAW</subfield><subfield code="d">NVF</subfield><subfield code="d">NSD</subfield><subfield code="d">CVF</subfield><subfield code="d">NYS</subfield><subfield code="d">NVF</subfield><subfield code="d">OCLCQ</subfield><subfield code="d">OCLCF</subfield><subfield code="d">NVF</subfield><subfield code="d">OCLCO</subfield></datafield><datafield ind1=" " ind2=" " tag="012"><subfield code="m">1</subfield></datafield><datafield ind1="0" ind2=" " tag="022"><subfield code="a">1091-4218</subfield><subfield code="2">1</subfield></datafield><datafield ind1="1" ind2=" " tag="029"><subfield code="a">AU@</subfield><subfield code="b">000022256369</subfield></datafield><datafield ind1=" " ind2=" " tag="032"><subfield code="a">014701</subfield><subfield code="b">USPS</subfield></datafield><datafield ind1=" " ind2=" " tag="037"><subfield code="b">Villa Scalabrini, 3800 Division St., Stone Park, Ill., 60165</subfield></datafield><datafield ind1="0" ind2=" " tag="041"><subfield code="a">eng</subfield><subfield code="a">ita</subfield></datafield><datafield ind1=" " ind2=" " tag="042"><subfield code="a">pcc</subfield></datafield><datafield ind1=" " ind2=" " tag="043"><subfield code="a">n-us-il</subfield></datafield><datafield ind1="1" ind2="0" tag="082"><subfield code="a">050</subfield><subfield code="2">12</subfield></datafield><datafield ind1=" " ind2=" " tag="090"><subfield code="a">Newspaper</subfield></datafield><datafield ind1=" " ind2="0" tag="222"><subfield code="a">Fra noi</subfield></datafield><datafield ind1="1" ind2="0" tag="242"><subfield code="a">Among us.</subfield><subfield code="y">eng</subfield></datafield><datafield ind1="0" ind2="0" tag="245"><subfield code="a">Fra noi</subfield></datafield><datafield ind1=" " ind2=" " tag="260"><subfield code="a">Melrose Park, Ill. ;</subfield><subfield code="a">Stone Park, Ill. :</subfield><subfield code="b">Scalabrini League,</subfield><subfield code="c">1960-</subfield></datafield><datafield ind1=" " ind2=" " tag="300"><subfield code="a">v.</subfield></datafield><datafield ind1=" " ind2=" " tag="310"><subfield code="a">Monthly</subfield></datafield><datafield ind1="0" ind2=" " tag="362"><subfield code="a">Vol. 1, no. 1 (Apr. 1960)-</subfield></datafield><datafield ind1=" " ind2=" " tag="500"><subfield code="a">Also published in Stone Park, Ill.</subfield></datafield><datafield ind1=" " ind2=" " tag="515"><subfield code="a">Irregular chronological, page, vol. and no. designations.</subfield></datafield><datafield ind1=" " ind2=" " tag="515"><subfield code="a">Some issues lack page numbering.</subfield></datafield><datafield ind1=" " ind2=" " tag="530"><subfield code="a">Available on microfilm;</subfield><subfield code="b">Center for Migration Studies, Staten Island, N.Y.</subfield></datafield><datafield ind1=" " ind2=" " tag="530"><subfield code="a">Preservation microfilmed in cooperation with the University of Illinois at Urbana-Champaign Library as part of the United States Newspaper Program; the years 1966-1999 (on 14 microfilm reels) are available for purchase from OCLC Preservation Service Centers.</subfield></datafield><datafield ind1=" " ind2=" " tag="546"><subfield code="a">In English 1960. In English and Italian 1961-</subfield></datafield><datafield ind1=" " ind2="0" tag="650"><subfield code="a">Italian Americans</subfield><subfield code="z">Illinois</subfield><subfield code="v">Newspapers.</subfield></datafield><datafield ind1=" " ind2="0" tag="651"><subfield code="a">Chicago (Ill.)</subfield><subfield code="v">Newspapers.</subfield></datafield><datafield ind1=" " ind2="0" tag="651"><subfield code="a">Cook County (Ill.)</subfield><subfield code="v">Newspapers.</subfield></datafield><datafield ind1=" " ind2="7" tag="650"><subfield code="a">Italian Americans.</subfield><subfield code="2">fast</subfield><subfield code="0">(OCoLC)fst00980419</subfield></datafield><datafield ind1=" " ind2="7" tag="651"><subfield code="a">Illinois.</subfield><subfield code="2">fast</subfield><subfield code="0">(OCoLC)fst01205143</subfield></datafield><datafield ind1=" " ind2="7" tag="651"><subfield code="a">Illinois</subfield><subfield code="z">Chicago.</subfield><subfield code="2">fast</subfield><subfield code="0">(OCoLC)fst01204048</subfield></datafield><datafield ind1=" " ind2="7" tag="651"><subfield code="a">Illinois</subfield><subfield code="z">Cook County.</subfield><subfield code="2">fast</subfield><subfield code="0">(OCoLC)fst01205334</subfield></datafield><datafield ind1=" " ind2="7" tag="655"><subfield code="a">Newspapers.</subfield><subfield code="2">fast</subfield><subfield code="0">(OCoLC)fst01423814</subfield></datafield><datafield ind1=" " ind2=" " tag="752"><subfield code="a">United States</subfield><subfield code="b">Illinois</subfield><subfield code="c">Cook</subfield><subfield code="d">Melrose Park.</subfield></datafield><datafield ind1=" " ind2=" " tag="752"><subfield code="a">United States</subfield><subfield code="b">Illinois</subfield><subfield code="c">Cook</subfield><subfield code="d">Stone Park.</subfield></datafield></record>